<?xml version="1.0" encoding="UTF-8"?>
<collection xmlns:xsi="http://www.w3.org/2001/XMLSchema-instance" xsi:schemaLocation="http://www.loc.gov/MARC21/slim http://www.loc.gov/standards/marcxml/schema/MARC21slim.xsd" xmlns="http://www.loc.gov/MARC21/slim">
<record>
  <leader>01038cam a2200265Ma 4500</leader>
  <controlfield tag="001">2677179</controlfield>
  <controlfield tag="003">NNC</controlfield>
  <controlfield tag="005">20130425143924.0</controlfield>
  <controlfield tag="008">920319s1949    ir a     b    001 0 ara d</controlfield>
  <datafield tag="035" ind1=" " ind2=" ">
    <subfield code="a">(OCoLC)ocm25700677</subfield>
  </datafield>
  <datafield tag="035" ind1=" " ind2=" ">
    <subfield code="9">ARC5907CU</subfield>
  </datafield>
  <datafield tag="035" ind1=" " ind2=" ">
    <subfield code="a">(NNC)2677179</subfield>
  </datafield>
  <datafield tag="040" ind1=" " ind2=" ">
    <subfield code="a">CUY</subfield>
    <subfield code="c">CUY</subfield>
    <subfield code="d">OCL</subfield>
    <subfield code="d">ZCU</subfield>
  </datafield>
  <datafield tag="043" ind1=" " ind2=" ">
    <subfield code="a">a-ir---</subfield>
  </datafield>
  <datafield tag="099" ind1=" " ind2=" ">
    <subfield code="a">955Sh65</subfield>
    <subfield code="a">Um53</subfield>
  </datafield>
  <datafield tag="100" ind1="1" ind2=" ">
    <subfield code="a">Junayd Shīrāzī, Muʻīn al-Dīn Abū al-Qāsim,</subfield>
    <subfield code="d">active 1300-1388.</subfield>
  </datafield>
  <datafield tag="245" ind1="1" ind2="0">
    <subfield code="a">Shadd al-izār fī ḥaṭṭ al-awzār ʻan zavvār al-mazār /</subfield>
    <subfield code="c">taʾlīf-i Muʻīn al-Dīn Abū al-Qāsim Junayd Shīrāzī ; bih taṣḥīḥ va taḥshiyah-ʾi Muḥammad Qazvīnī va ʾAbbās Iqbāl.</subfield>
  </datafield>
  <datafield tag="260" ind1=" " ind2=" ">
    <subfield code="a">Tihrān :</subfield>
    <subfield code="b">[s.n.],</subfield>
    <subfield code="c">1328 [1949 or 1950]</subfield>
  </datafield>
  <datafield tag="300" ind1=" " ind2=" ">
    <subfield code="a">[10],621 p. :</subfield>
    <subfield code="b">ill. ;</subfield>
    <subfield code="c">28 cm.</subfield>
  </datafield>
  <datafield tag="504" ind1=" " ind2=" ">
    <subfield code="a">Includes bibliographical references and indexes.</subfield>
  </datafield>
  <datafield tag="651" ind1=" " ind2="0">
    <subfield code="a">Shīrāz (Iran)</subfield>
    <subfield code="v">Biography.</subfield>
  </datafield>
  <datafield tag="700" ind1="1" ind2=" ">
    <subfield code="a">Qazvīnī, Muḥammad,</subfield>
    <subfield code="d">1877-1949.</subfield>
  </datafield>
  <datafield tag="700" ind1="1" ind2=" ">
    <subfield code="a">Iqbāl, ʻAbbās,</subfield>
    <subfield code="d">-1955.</subfield>
  </datafield>
  <datafield tag="740" ind1="0" ind2="1">
    <subfield code="a">Mazārāt-i Shīrāz.</subfield>
  </datafield>
  <datafield tag="955" ind1=" " ind2=" ">
    <subfield code="b">0061891584</subfield>
    <subfield code="d">glx</subfield>
    <subfield code="e">955Sh65 Um53</subfield>
  </datafield>
</record>
</collection>